@article{albertson03chromosome,
	Author = {Albertson, Donna G and Collins, Colin and McCormick, Franck and Gray, Joe W},
	Date-Added = {2008-04-19 15:11:14 +0200},
	Date-Modified = {2008-04-29 22:40:09 +0200},
	Journal = {Nat. Genet.},
	Optnumber = {4},
	Pages = {369-76},
	Title = {Chromosome aberrations in solid tumors},
	Volume = {34},
	Year = {2003}}

@article{hanahan00the-hallmarks,
	Author = {Hanahan, D. and Weinberg, R. A.},
	Date-Modified = {2009-04-30 11:50:31 -0700},
	Journal = {Cell},
	Keywords = {cancer},
	Month = {Jan},
	Number = {1},
	Owner = {pierre},
	Pages = {57--70},
	Pii = {S0092-8674(00)81683-9},
	Pmid = {10647931},
	Timestamp = {2007.03.13},
	Title = {The hallmarks of cancer.},
	Volume = {100},
	Year = {2000}}
